<?xml version="1.0" encoding="UTF-8"?><collection xmlns="http://www.loc.gov/MARC21/slim"><record><leader>00590nam--2200181-i-4500</leader><controlfield tag="001">000012642</controlfield><controlfield tag="002">20161230</controlfield><controlfield tag="005">20161230201029</controlfield><controlfield tag="008">060222s1000------------r-----000-0-eng-d</controlfield><datafield ind1=" " ind2=" " tag="020"><subfield code="a">0850661013</subfield></datafield><datafield ind1=" " ind2=" " tag="040"><subfield code="a">IFIN-HH</subfield></datafield><datafield ind1=" " ind2=" " tag="080"><subfield code="a">537.533.3:539.1.074:621.375 826(41-4)(061.3)</subfield></datafield><datafield ind1="1" ind2=" " tag="100"><subfield code="a">Baker, L. R</subfield></datafield><datafield ind1="1" ind2="0" tag="245"><subfield code="a">British electro-optics</subfield><subfield code="b">Proceedings of a conference at the british export marketing centre, tokyo in december 1975</subfield><subfield code="c">L.r. baker (ed.)</subfield></datafield><datafield ind1=" " ind2=" " tag="260"><subfield code="a">London</subfield><subfield code="b">Taylor And Francis Ltd</subfield><subfield code="c">1977</subfield></datafield><datafield ind1=" " ind2=" " tag="300"><subfield code="a">IIV + 139 P</subfield></datafield><datafield ind1=" " ind2=" " tag="852"><subfield code="a">45966</subfield><subfield code="c">537.533.3</subfield></datafield><datafield ind1=" " ind2=" " tag="CAT"><subfield code="a">Sys</subfield><subfield code="c">20110901</subfield><subfield code="h">132525</subfield></datafield></record></collection>